[gd_scene load_steps=11 format=2]

[ext_resource path="res://Ball.tscn" type="PackedScene" id=1]
[ext_resource path="res://Ball.gd" type="Script" id=2]
[ext_resource path="res://Paddle.tscn" type="PackedScene" id=3]
[ext_resource path="res://Paddle9-12.gd" type="Script" id=4]
[ext_resource path="res://Textures/Captura de pantalla 2019-09-13 a la(s) 10.55.05 AM.png" type="Texture" id=5]
[ext_resource path="res://Textures/0-1.png" type="Texture" id=6]
[ext_resource path="res://Textures/0-2.png" type="Texture" id=7]

[sub_resource type="RectangleShape2D" id=1]
extents = Vector2( 39.9807, 16.4612 )

[sub_resource type="RectangleShape2D" id=2]
extents = Vector2( 44.5054, 20 )

[sub_resource type="RectangleShape2D" id=3]
extents = Vector2( 44.2414, 20.3126 )

[node name="Level10" type="Node2D"]

[node name="Walls" type="StaticBody2D" parent="."]

[node name="CollisionPolygon2D" type="CollisionPolygon2D" parent="Walls"]
polygon = PoolVector2Array( 0, 780, -30, 780, -30, -30, 510, -30, 510, 780, 480, 780, 480, 0, 0, 0 )

[node name="Ball" parent="." instance=ExtResource( 1 )]
script = ExtResource( 2 )

[node name="Paddle" parent="." instance=ExtResource( 3 )]
script = ExtResource( 4 )

[node name="RedBricks" type="Node" parent="."]

[node name="RedBrick" type="StaticBody2D" parent="RedBricks"]
editor/display_folded = true
position = Vector2( 100, 280 )
__meta__ = {
"_edit_group_": true
}

[node name="Sprite" type="Sprite" parent="RedBricks/RedBrick"]
scale = Vector2( 0.074, 0.068 )
texture = ExtResource( 5 )

[node name="CollisionShape2D" type="CollisionShape2D" parent="RedBricks/RedBrick"]
position = Vector2( 0.246887, 0 )
shape = SubResource( 1 )
__meta__ = {
"_edit_group_": true
}

[node name="RedBrick10" type="StaticBody2D" parent="RedBricks"]
editor/display_folded = true
position = Vector2( 370.741, 280 )
__meta__ = {
"_edit_group_": true
}

[node name="Sprite" type="Sprite" parent="RedBricks/RedBrick10"]
scale = Vector2( 0.074, 0.068 )
texture = ExtResource( 5 )

[node name="CollisionShape2D" type="CollisionShape2D" parent="RedBricks/RedBrick10"]
position = Vector2( 0.246887, 0 )
shape = SubResource( 1 )
__meta__ = {
"_edit_group_": true
}

[node name="RedBrick13" type="StaticBody2D" parent="RedBricks"]
editor/display_folded = true
position = Vector2( 190.247, 320 )
__meta__ = {
"_edit_group_": true
}

[node name="Sprite" type="Sprite" parent="RedBricks/RedBrick13"]
scale = Vector2( 0.074, 0.068 )
texture = ExtResource( 5 )

[node name="CollisionShape2D" type="CollisionShape2D" parent="RedBricks/RedBrick13"]
position = Vector2( 0.246887, 0 )
shape = SubResource( 1 )
__meta__ = {
"_edit_group_": true
}

[node name="RedBrick16" type="StaticBody2D" parent="RedBricks"]
editor/display_folded = true
position = Vector2( 190, 80 )
__meta__ = {
"_edit_group_": true
}

[node name="Sprite" type="Sprite" parent="RedBricks/RedBrick16"]
scale = Vector2( 0.074, 0.068 )
texture = ExtResource( 5 )

[node name="CollisionShape2D" type="CollisionShape2D" parent="RedBricks/RedBrick16"]
position = Vector2( 0.246887, 0 )
shape = SubResource( 1 )
__meta__ = {
"_edit_group_": true
}

[node name="RedBrick18" type="StaticBody2D" parent="RedBricks"]
editor/display_folded = true
position = Vector2( 280, 80 )
__meta__ = {
"_edit_group_": true
}

[node name="Sprite" type="Sprite" parent="RedBricks/RedBrick18"]
scale = Vector2( 0.074, 0.068 )
texture = ExtResource( 5 )

[node name="CollisionShape2D" type="CollisionShape2D" parent="RedBricks/RedBrick18"]
position = Vector2( 0.246887, 0 )
shape = SubResource( 1 )
__meta__ = {
"_edit_group_": true
}

[node name="RedBrick26" type="StaticBody2D" parent="RedBricks"]
editor/display_folded = true
position = Vector2( 100, 40 )
__meta__ = {
"_edit_group_": true
}

[node name="Sprite" type="Sprite" parent="RedBricks/RedBrick26"]
scale = Vector2( 0.074, 0.068 )
texture = ExtResource( 5 )

[node name="CollisionShape2D" type="CollisionShape2D" parent="RedBricks/RedBrick26"]
position = Vector2( 0.246887, 0 )
shape = SubResource( 1 )
__meta__ = {
"_edit_group_": true
}

[node name="RedBrick27" type="StaticBody2D" parent="RedBricks"]
editor/display_folded = true
position = Vector2( 370, 40 )
__meta__ = {
"_edit_group_": true
}

[node name="Sprite" type="Sprite" parent="RedBricks/RedBrick27"]
scale = Vector2( 0.074, 0.068 )
texture = ExtResource( 5 )

[node name="CollisionShape2D" type="CollisionShape2D" parent="RedBricks/RedBrick27"]
position = Vector2( 0.246887, 0 )
shape = SubResource( 1 )
__meta__ = {
"_edit_group_": true
}

[node name="RedBrick19" type="StaticBody2D" parent="RedBricks"]
editor/display_folded = true
position = Vector2( 236.78, 400 )
__meta__ = {
"_edit_group_": true
}

[node name="Sprite" type="Sprite" parent="RedBricks/RedBrick19"]
scale = Vector2( 0.074, 0.068 )
texture = ExtResource( 5 )

[node name="CollisionShape2D" type="CollisionShape2D" parent="RedBricks/RedBrick19"]
position = Vector2( 0.246887, 0 )
shape = SubResource( 1 )
__meta__ = {
"_edit_group_": true
}

[node name="RedBrick21" type="StaticBody2D" parent="RedBricks"]
editor/display_folded = true
position = Vector2( 326.637, 440 )
__meta__ = {
"_edit_group_": true
}

[node name="Sprite" type="Sprite" parent="RedBricks/RedBrick21"]
scale = Vector2( 0.074, 0.068 )
texture = ExtResource( 5 )

[node name="CollisionShape2D" type="CollisionShape2D" parent="RedBricks/RedBrick21"]
position = Vector2( 0.246887, 0 )
shape = SubResource( 1 )
__meta__ = {
"_edit_group_": true
}

[node name="RedBrick23" type="StaticBody2D" parent="RedBricks"]
editor/display_folded = true
position = Vector2( 326.884, 480 )
__meta__ = {
"_edit_group_": true
}

[node name="Sprite" type="Sprite" parent="RedBricks/RedBrick23"]
scale = Vector2( 0.074, 0.068 )
texture = ExtResource( 5 )

[node name="CollisionShape2D" type="CollisionShape2D" parent="RedBricks/RedBrick23"]
position = Vector2( 0.246887, 0 )
shape = SubResource( 1 )
__meta__ = {
"_edit_group_": true
}

[node name="RedBrick25" type="StaticBody2D" parent="RedBricks"]
editor/display_folded = true
position = Vector2( 237.027, 520 )
__meta__ = {
"_edit_group_": true
}

[node name="Sprite" type="Sprite" parent="RedBricks/RedBrick25"]
scale = Vector2( 0.074, 0.068 )
texture = ExtResource( 5 )

[node name="CollisionShape2D" type="CollisionShape2D" parent="RedBricks/RedBrick25"]
position = Vector2( 0.246887, 0 )
shape = SubResource( 1 )
__meta__ = {
"_edit_group_": true
}

[node name="RedBrick24" type="StaticBody2D" parent="RedBricks"]
editor/display_folded = true
position = Vector2( 150.247, 480 )
__meta__ = {
"_edit_group_": true
}

[node name="Sprite" type="Sprite" parent="RedBricks/RedBrick24"]
scale = Vector2( 0.074, 0.068 )
texture = ExtResource( 5 )

[node name="CollisionShape2D" type="CollisionShape2D" parent="RedBricks/RedBrick24"]
position = Vector2( 0.246887, 0 )
shape = SubResource( 1 )
__meta__ = {
"_edit_group_": true
}

[node name="RedBrick22" type="StaticBody2D" parent="RedBricks"]
editor/display_folded = true
position = Vector2( 150, 440 )
__meta__ = {
"_edit_group_": true
}

[node name="Sprite" type="Sprite" parent="RedBricks/RedBrick22"]
scale = Vector2( 0.074, 0.068 )
texture = ExtResource( 5 )

[node name="CollisionShape2D" type="CollisionShape2D" parent="RedBricks/RedBrick22"]
position = Vector2( 0.246887, 0 )
shape = SubResource( 1 )
__meta__ = {
"_edit_group_": true
}

[node name="RedBrick20" type="StaticBody2D" parent="RedBricks"]
editor/display_folded = true
position = Vector2( 236.533, 360 )
__meta__ = {
"_edit_group_": true
}

[node name="Sprite" type="Sprite" parent="RedBricks/RedBrick20"]
scale = Vector2( 0.074, 0.068 )
texture = ExtResource( 5 )

[node name="CollisionShape2D" type="CollisionShape2D" parent="RedBricks/RedBrick20"]
position = Vector2( 0.246887, 0 )
shape = SubResource( 1 )
__meta__ = {
"_edit_group_": true
}

[node name="RedBrick17" type="StaticBody2D" parent="RedBricks"]
editor/display_folded = true
position = Vector2( 280.247, 320 )
__meta__ = {
"_edit_group_": true
}

[node name="Sprite" type="Sprite" parent="RedBricks/RedBrick17"]
scale = Vector2( 0.074, 0.068 )
texture = ExtResource( 5 )

[node name="CollisionShape2D" type="CollisionShape2D" parent="RedBricks/RedBrick17"]
position = Vector2( 0.246887, 0 )
shape = SubResource( 1 )
__meta__ = {
"_edit_group_": true
}

[node name="RedBrick14" type="StaticBody2D" parent="RedBricks"]
editor/display_folded = true
position = Vector2( 280.247, 280 )
__meta__ = {
"_edit_group_": true
}

[node name="Sprite" type="Sprite" parent="RedBricks/RedBrick14"]
scale = Vector2( 0.074, 0.068 )
texture = ExtResource( 5 )

[node name="CollisionShape2D" type="CollisionShape2D" parent="RedBricks/RedBrick14"]
position = Vector2( 0.246887, 0 )
shape = SubResource( 1 )
__meta__ = {
"_edit_group_": true
}

[node name="RedBrick15" type="StaticBody2D" parent="RedBricks"]
editor/display_folded = true
position = Vector2( 190, 280 )
__meta__ = {
"_edit_group_": true
}

[node name="Sprite" type="Sprite" parent="RedBricks/RedBrick15"]
scale = Vector2( 0.074, 0.068 )
texture = ExtResource( 5 )

[node name="CollisionShape2D" type="CollisionShape2D" parent="RedBricks/RedBrick15"]
position = Vector2( 0.246887, 0 )
shape = SubResource( 1 )
__meta__ = {
"_edit_group_": true
}

[node name="RedBrick11" type="StaticBody2D" parent="RedBricks"]
editor/display_folded = true
position = Vector2( 370.494, 240 )
__meta__ = {
"_edit_group_": true
}

[node name="Sprite" type="Sprite" parent="RedBricks/RedBrick11"]
scale = Vector2( 0.074, 0.068 )
texture = ExtResource( 5 )

[node name="CollisionShape2D" type="CollisionShape2D" parent="RedBricks/RedBrick11"]
position = Vector2( 0.246887, 0 )
shape = SubResource( 1 )
__meta__ = {
"_edit_group_": true
}

[node name="RedBrick12" type="StaticBody2D" parent="RedBricks"]
editor/display_folded = true
position = Vector2( 370, 200 )
__meta__ = {
"_edit_group_": true
}

[node name="Sprite" type="Sprite" parent="RedBricks/RedBrick12"]
scale = Vector2( 0.074, 0.068 )
texture = ExtResource( 5 )

[node name="CollisionShape2D" type="CollisionShape2D" parent="RedBricks/RedBrick12"]
position = Vector2( 0.246887, 0 )
shape = SubResource( 1 )
__meta__ = {
"_edit_group_": true
}

[node name="RedBrick2" type="StaticBody2D" parent="RedBricks"]
editor/display_folded = true
position = Vector2( 370.247, 160 )
__meta__ = {
"_edit_group_": true
}

[node name="Sprite" type="Sprite" parent="RedBricks/RedBrick2"]
scale = Vector2( 0.074, 0.068 )
texture = ExtResource( 5 )

[node name="CollisionShape2D" type="CollisionShape2D" parent="RedBricks/RedBrick2"]
position = Vector2( 0.246887, 0 )
shape = SubResource( 1 )
__meta__ = {
"_edit_group_": true
}

[node name="RedBrick3" type="StaticBody2D" parent="RedBricks"]
editor/display_folded = true
position = Vector2( 370, 120 )
__meta__ = {
"_edit_group_": true
}

[node name="Sprite" type="Sprite" parent="RedBricks/RedBrick3"]
scale = Vector2( 0.074, 0.068 )
texture = ExtResource( 5 )

[node name="CollisionShape2D" type="CollisionShape2D" parent="RedBricks/RedBrick3"]
position = Vector2( 0.246887, 0 )
shape = SubResource( 1 )
__meta__ = {
"_edit_group_": true
}

[node name="RedBrick4" type="StaticBody2D" parent="RedBricks"]
editor/display_folded = true
position = Vector2( 280, 120 )
__meta__ = {
"_edit_group_": true
}

[node name="Sprite" type="Sprite" parent="RedBricks/RedBrick4"]
scale = Vector2( 0.074, 0.068 )
texture = ExtResource( 5 )

[node name="CollisionShape2D" type="CollisionShape2D" parent="RedBricks/RedBrick4"]
position = Vector2( 0.246887, 0 )
shape = SubResource( 1 )
__meta__ = {
"_edit_group_": true
}

[node name="RedBrick5" type="StaticBody2D" parent="RedBricks"]
editor/display_folded = true
position = Vector2( 190, 120 )
__meta__ = {
"_edit_group_": true
}

[node name="Sprite" type="Sprite" parent="RedBricks/RedBrick5"]
scale = Vector2( 0.074, 0.068 )
texture = ExtResource( 5 )

[node name="CollisionShape2D" type="CollisionShape2D" parent="RedBricks/RedBrick5"]
position = Vector2( 0.246887, 0 )
shape = SubResource( 1 )
__meta__ = {
"_edit_group_": true
}

[node name="RedBrick6" type="StaticBody2D" parent="RedBricks"]
editor/display_folded = true
position = Vector2( 100, 120 )
__meta__ = {
"_edit_group_": true
}

[node name="Sprite" type="Sprite" parent="RedBricks/RedBrick6"]
scale = Vector2( 0.074, 0.068 )
texture = ExtResource( 5 )

[node name="CollisionShape2D" type="CollisionShape2D" parent="RedBricks/RedBrick6"]
position = Vector2( 0.246887, 0 )
shape = SubResource( 1 )
__meta__ = {
"_edit_group_": true
}

[node name="RedBrick7" type="StaticBody2D" parent="RedBricks"]
editor/display_folded = true
position = Vector2( 100, 160 )
__meta__ = {
"_edit_group_": true
}

[node name="Sprite" type="Sprite" parent="RedBricks/RedBrick7"]
scale = Vector2( 0.074, 0.068 )
texture = ExtResource( 5 )

[node name="CollisionShape2D" type="CollisionShape2D" parent="RedBricks/RedBrick7"]
position = Vector2( 0.246887, 0 )
shape = SubResource( 1 )
__meta__ = {
"_edit_group_": true
}

[node name="RedBrick8" type="StaticBody2D" parent="RedBricks"]
editor/display_folded = true
position = Vector2( 100, 200 )
__meta__ = {
"_edit_group_": true
}

[node name="Sprite" type="Sprite" parent="RedBricks/RedBrick8"]
scale = Vector2( 0.074, 0.068 )
texture = ExtResource( 5 )

[node name="CollisionShape2D" type="CollisionShape2D" parent="RedBricks/RedBrick8"]
position = Vector2( 0.246887, 0 )
shape = SubResource( 1 )
__meta__ = {
"_edit_group_": true
}

[node name="RedBrick9" type="StaticBody2D" parent="RedBricks"]
editor/display_folded = true
position = Vector2( 100, 240 )
__meta__ = {
"_edit_group_": true
}

[node name="Sprite" type="Sprite" parent="RedBricks/RedBrick9"]
scale = Vector2( 0.074, 0.068 )
texture = ExtResource( 5 )

[node name="CollisionShape2D" type="CollisionShape2D" parent="RedBricks/RedBrick9"]
position = Vector2( 0.246887, 0 )
shape = SubResource( 1 )
__meta__ = {
"_edit_group_": true
}

[node name="BlueBricks" type="Node" parent="RedBricks"]

[node name="BlueBrick" type="StaticBody2D" parent="RedBricks/BlueBricks"]
editor/display_folded = true
position = Vector2( 190.448, 78.8928 )
__meta__ = {
"_edit_group_": true
}

[node name="Sprite" type="Sprite" parent="RedBricks/BlueBricks/BlueBrick"]
scale = Vector2( 0.11, 0.11 )
texture = ExtResource( 6 )

[node name="CollisionShape2D" type="CollisionShape2D" parent="RedBricks/BlueBricks/BlueBrick"]
position = Vector2( 0.281151, 0 )
shape = SubResource( 2 )

[node name="BlueBrick26" type="StaticBody2D" parent="RedBricks/BlueBricks"]
editor/display_folded = true
position = Vector2( 280.428, 119.936 )
__meta__ = {
"_edit_group_": true
}

[node name="Sprite" type="Sprite" parent="RedBricks/BlueBricks/BlueBrick26"]
scale = Vector2( 0.11, 0.11 )
texture = ExtResource( 6 )

[node name="CollisionShape2D" type="CollisionShape2D" parent="RedBricks/BlueBricks/BlueBrick26"]
position = Vector2( 0.281151, 0 )
shape = SubResource( 2 )

[node name="BlueBrick27" type="StaticBody2D" parent="RedBricks/BlueBricks"]
editor/display_folded = true
position = Vector2( 190.448, 119.936 )
__meta__ = {
"_edit_group_": true
}

[node name="Sprite" type="Sprite" parent="RedBricks/BlueBricks/BlueBrick27"]
scale = Vector2( 0.11, 0.11 )
texture = ExtResource( 6 )

[node name="CollisionShape2D" type="CollisionShape2D" parent="RedBricks/BlueBricks/BlueBrick27"]
position = Vector2( 0.281151, 0 )
shape = SubResource( 2 )

[node name="BlueBrick2" type="StaticBody2D" parent="RedBricks/BlueBricks"]
editor/display_folded = true
position = Vector2( 369.883, 158.81 )
__meta__ = {
"_edit_group_": true
}

[node name="Sprite" type="Sprite" parent="RedBricks/BlueBricks/BlueBrick2"]
scale = Vector2( 0.11, 0.11 )
texture = ExtResource( 6 )

[node name="CollisionShape2D" type="CollisionShape2D" parent="RedBricks/BlueBricks/BlueBrick2"]
position = Vector2( 0.281151, 0 )
shape = SubResource( 2 )

[node name="BlueBrick3" type="StaticBody2D" parent="RedBricks/BlueBricks"]
editor/display_folded = true
position = Vector2( 369.883, 119.438 )
__meta__ = {
"_edit_group_": true
}

[node name="Sprite" type="Sprite" parent="RedBricks/BlueBricks/BlueBrick3"]
scale = Vector2( 0.11, 0.11 )
texture = ExtResource( 6 )

[node name="CollisionShape2D" type="CollisionShape2D" parent="RedBricks/BlueBricks/BlueBrick3"]
position = Vector2( 0.281151, 0 )
shape = SubResource( 2 )

[node name="BlueBrick4" type="StaticBody2D" parent="RedBricks/BlueBricks"]
editor/display_folded = true
position = Vector2( 98.9637, 283.289 )
__meta__ = {
"_edit_group_": true
}

[node name="Sprite" type="Sprite" parent="RedBricks/BlueBricks/BlueBrick4"]
scale = Vector2( 0.11, 0.11 )
texture = ExtResource( 6 )

[node name="CollisionShape2D" type="CollisionShape2D" parent="RedBricks/BlueBricks/BlueBrick4"]
position = Vector2( 0.281151, 0 )
shape = SubResource( 2 )

[node name="BlueBrick5" type="StaticBody2D" parent="RedBricks/BlueBricks"]
editor/display_folded = true
position = Vector2( 98.8814, 242.551 )
__meta__ = {
"_edit_group_": true
}

[node name="Sprite" type="Sprite" parent="RedBricks/BlueBricks/BlueBrick5"]
scale = Vector2( 0.11, 0.11 )
texture = ExtResource( 6 )

[node name="CollisionShape2D" type="CollisionShape2D" parent="RedBricks/BlueBricks/BlueBrick5"]
position = Vector2( 0.281151, 0 )
shape = SubResource( 2 )

[node name="BlueBrick6" type="StaticBody2D" parent="RedBricks/BlueBricks"]
editor/display_folded = true
position = Vector2( 99.1016, 202.338 )
__meta__ = {
"_edit_group_": true
}

[node name="Sprite" type="Sprite" parent="RedBricks/BlueBricks/BlueBrick6"]
scale = Vector2( 0.11, 0.11 )
texture = ExtResource( 6 )

[node name="CollisionShape2D" type="CollisionShape2D" parent="RedBricks/BlueBricks/BlueBrick6"]
position = Vector2( 0.281151, 0 )
shape = SubResource( 2 )

[node name="BlueBrick7" type="StaticBody2D" parent="RedBricks/BlueBricks"]
editor/display_folded = true
position = Vector2( 99.2109, 161.408 )
__meta__ = {
"_edit_group_": true
}

[node name="Sprite" type="Sprite" parent="RedBricks/BlueBricks/BlueBrick7"]
scale = Vector2( 0.11, 0.11 )
texture = ExtResource( 6 )

[node name="CollisionShape2D" type="CollisionShape2D" parent="RedBricks/BlueBricks/BlueBrick7"]
position = Vector2( 0.281151, 0 )
shape = SubResource( 2 )

[node name="BlueBrick8" type="StaticBody2D" parent="RedBricks/BlueBricks"]
editor/display_folded = true
position = Vector2( 99.4866, 119.842 )
__meta__ = {
"_edit_group_": true
}

[node name="Sprite" type="Sprite" parent="RedBricks/BlueBricks/BlueBrick8"]
scale = Vector2( 0.11, 0.11 )
texture = ExtResource( 6 )

[node name="CollisionShape2D" type="CollisionShape2D" parent="RedBricks/BlueBricks/BlueBrick8"]
position = Vector2( 0.281151, 0 )
shape = SubResource( 2 )

[node name="BlueBrick9" type="StaticBody2D" parent="RedBricks/BlueBricks"]
editor/display_folded = true
position = Vector2( 280.459, 78.8928 )
__meta__ = {
"_edit_group_": true
}

[node name="Sprite" type="Sprite" parent="RedBricks/BlueBricks/BlueBrick9"]
scale = Vector2( 0.11, 0.11 )
texture = ExtResource( 6 )

[node name="CollisionShape2D" type="CollisionShape2D" parent="RedBricks/BlueBricks/BlueBrick9"]
position = Vector2( 0.281151, 0 )
shape = SubResource( 2 )

[node name="BlueBrick10" type="StaticBody2D" parent="RedBricks/BlueBricks"]
editor/display_folded = true
position = Vector2( 370.123, 39.1602 )
__meta__ = {
"_edit_group_": true
}

[node name="Sprite" type="Sprite" parent="RedBricks/BlueBricks/BlueBrick10"]
scale = Vector2( 0.11, 0.11 )
texture = ExtResource( 6 )

[node name="CollisionShape2D" type="CollisionShape2D" parent="RedBricks/BlueBricks/BlueBrick10"]
position = Vector2( 0.281151, 0 )
shape = SubResource( 2 )

[node name="BlueBrick11" type="StaticBody2D" parent="RedBricks/BlueBricks"]
editor/display_folded = true
position = Vector2( 370.336, 198.783 )
__meta__ = {
"_edit_group_": true
}

[node name="Sprite" type="Sprite" parent="RedBricks/BlueBricks/BlueBrick11"]
scale = Vector2( 0.11, 0.11 )
texture = ExtResource( 6 )

[node name="CollisionShape2D" type="CollisionShape2D" parent="RedBricks/BlueBricks/BlueBrick11"]
position = Vector2( 0.281151, 0 )
shape = SubResource( 2 )

[node name="BlueBrick12" type="StaticBody2D" parent="RedBricks/BlueBricks"]
editor/display_folded = true
position = Vector2( 369.952, 282.098 )
__meta__ = {
"_edit_group_": true
}

[node name="Sprite" type="Sprite" parent="RedBricks/BlueBricks/BlueBrick12"]
scale = Vector2( 0.11, 0.11 )
texture = ExtResource( 6 )

[node name="CollisionShape2D" type="CollisionShape2D" parent="RedBricks/BlueBricks/BlueBrick12"]
position = Vector2( 0.281151, 0 )
shape = SubResource( 2 )

[node name="BlueBrick14" type="StaticBody2D" parent="RedBricks/BlueBricks"]
editor/display_folded = true
position = Vector2( 281.608, 322.218 )
__meta__ = {
"_edit_group_": true
}

[node name="Sprite" type="Sprite" parent="RedBricks/BlueBricks/BlueBrick14"]
scale = Vector2( 0.11, 0.11 )
texture = ExtResource( 6 )

[node name="CollisionShape2D" type="CollisionShape2D" parent="RedBricks/BlueBricks/BlueBrick14"]
position = Vector2( 0.281151, 0 )
shape = SubResource( 2 )

[node name="BlueBrick18" type="StaticBody2D" parent="RedBricks/BlueBricks"]
editor/display_folded = true
position = Vector2( 236.625, 402.051 )
__meta__ = {
"_edit_group_": true
}

[node name="Sprite" type="Sprite" parent="RedBricks/BlueBricks/BlueBrick18"]
scale = Vector2( 0.11, 0.11 )
texture = ExtResource( 6 )

[node name="CollisionShape2D" type="CollisionShape2D" parent="RedBricks/BlueBricks/BlueBrick18"]
position = Vector2( 0.281151, 0 )
shape = SubResource( 2 )

[node name="BlueBrick20" type="StaticBody2D" parent="RedBricks/BlueBricks"]
editor/display_folded = true
position = Vector2( 239.057, 519.978 )
__meta__ = {
"_edit_group_": true
}

[node name="Sprite" type="Sprite" parent="RedBricks/BlueBricks/BlueBrick20"]
scale = Vector2( 0.11, 0.11 )
texture = ExtResource( 6 )

[node name="CollisionShape2D" type="CollisionShape2D" parent="RedBricks/BlueBricks/BlueBrick20"]
position = Vector2( 0.281151, 0 )
shape = SubResource( 2 )

[node name="BlueBrick25" type="StaticBody2D" parent="RedBricks/BlueBricks"]
editor/display_folded = true
position = Vector2( 99.2723, 40.9858 )
__meta__ = {
"_edit_group_": true
}

[node name="Sprite" type="Sprite" parent="RedBricks/BlueBricks/BlueBrick25"]
scale = Vector2( 0.11, 0.11 )
texture = ExtResource( 6 )

[node name="CollisionShape2D" type="CollisionShape2D" parent="RedBricks/BlueBricks/BlueBrick25"]
position = Vector2( 0.281151, 0 )
shape = SubResource( 2 )

[node name="BlueBrick21" type="StaticBody2D" parent="RedBricks/BlueBricks"]
editor/display_folded = true
position = Vector2( 326.59, 479.859 )
__meta__ = {
"_edit_group_": true
}

[node name="Sprite" type="Sprite" parent="RedBricks/BlueBricks/BlueBrick21"]
scale = Vector2( 0.11, 0.11 )
texture = ExtResource( 6 )

[node name="CollisionShape2D" type="CollisionShape2D" parent="RedBricks/BlueBricks/BlueBrick21"]
position = Vector2( 0.281151, 0 )
shape = SubResource( 2 )

[node name="BlueBrick22" type="StaticBody2D" parent="RedBricks/BlueBricks"]
editor/display_folded = true
position = Vector2( 326.59, 440.145 )
__meta__ = {
"_edit_group_": true
}

[node name="Sprite" type="Sprite" parent="RedBricks/BlueBricks/BlueBrick22"]
scale = Vector2( 0.11, 0.11 )
texture = ExtResource( 6 )

[node name="CollisionShape2D" type="CollisionShape2D" parent="RedBricks/BlueBricks/BlueBrick22"]
position = Vector2( 0.281151, 0 )
shape = SubResource( 2 )

[node name="BlueBrick23" type="StaticBody2D" parent="RedBricks/BlueBricks"]
editor/display_folded = true
position = Vector2( 151.523, 481.075 )
__meta__ = {
"_edit_group_": true
}

[node name="Sprite" type="Sprite" parent="RedBricks/BlueBricks/BlueBrick23"]
scale = Vector2( 0.11, 0.11 )
texture = ExtResource( 6 )

[node name="CollisionShape2D" type="CollisionShape2D" parent="RedBricks/BlueBricks/BlueBrick23"]
position = Vector2( 0.281151, 0 )
shape = SubResource( 2 )

[node name="BlueBrick24" type="StaticBody2D" parent="RedBricks/BlueBricks"]
editor/display_folded = true
position = Vector2( 151.523, 440.145 )
__meta__ = {
"_edit_group_": true
}

[node name="Sprite" type="Sprite" parent="RedBricks/BlueBricks/BlueBrick24"]
scale = Vector2( 0.11, 0.11 )
texture = ExtResource( 6 )

[node name="CollisionShape2D" type="CollisionShape2D" parent="RedBricks/BlueBricks/BlueBrick24"]
position = Vector2( 0.281151, 0 )
shape = SubResource( 2 )

[node name="BlueBrick19" type="StaticBody2D" parent="RedBricks/BlueBricks"]
editor/display_folded = true
position = Vector2( 236.625, 362.337 )
__meta__ = {
"_edit_group_": true
}

[node name="Sprite" type="Sprite" parent="RedBricks/BlueBricks/BlueBrick19"]
scale = Vector2( 0.11, 0.11 )
texture = ExtResource( 6 )

[node name="CollisionShape2D" type="CollisionShape2D" parent="RedBricks/BlueBricks/BlueBrick19"]
position = Vector2( 0.281151, 0 )
shape = SubResource( 2 )

[node name="BlueBrick15" type="StaticBody2D" parent="RedBricks/BlueBricks"]
editor/display_folded = true
position = Vector2( 191.237, 322.218 )
__meta__ = {
"_edit_group_": true
}

[node name="Sprite" type="Sprite" parent="RedBricks/BlueBricks/BlueBrick15"]
scale = Vector2( 0.11, 0.11 )
texture = ExtResource( 6 )

[node name="CollisionShape2D" type="CollisionShape2D" parent="RedBricks/BlueBricks/BlueBrick15"]
position = Vector2( 0.281151, 0 )
shape = SubResource( 2 )

[node name="BlueBrick16" type="StaticBody2D" parent="RedBricks/BlueBricks"]
editor/display_folded = true
position = Vector2( 281.608, 281.693 )
__meta__ = {
"_edit_group_": true
}

[node name="Sprite" type="Sprite" parent="RedBricks/BlueBricks/BlueBrick16"]
scale = Vector2( 0.11, 0.11 )
texture = ExtResource( 6 )

[node name="CollisionShape2D" type="CollisionShape2D" parent="RedBricks/BlueBricks/BlueBrick16"]
position = Vector2( 0.281151, 0 )
shape = SubResource( 2 )

[node name="BlueBrick17" type="StaticBody2D" parent="RedBricks/BlueBricks"]
editor/display_folded = true
position = Vector2( 191.237, 281.693 )
__meta__ = {
"_edit_group_": true
}

[node name="Sprite" type="Sprite" parent="RedBricks/BlueBricks/BlueBrick17"]
scale = Vector2( 0.11, 0.11 )
texture = ExtResource( 6 )

[node name="CollisionShape2D" type="CollisionShape2D" parent="RedBricks/BlueBricks/BlueBrick17"]
position = Vector2( 0.281151, 0 )
shape = SubResource( 2 )

[node name="BlueBrick13" type="StaticBody2D" parent="RedBricks/BlueBricks"]
editor/display_folded = true
position = Vector2( 369.941, 240.627 )
__meta__ = {
"_edit_group_": true
}

[node name="Sprite" type="Sprite" parent="RedBricks/BlueBricks/BlueBrick13"]
scale = Vector2( 0.11, 0.11 )
texture = ExtResource( 6 )

[node name="CollisionShape2D" type="CollisionShape2D" parent="RedBricks/BlueBricks/BlueBrick13"]
position = Vector2( 0.281151, 0 )
shape = SubResource( 2 )

[node name="GreenBricks" type="Node2D" parent="RedBricks"]
editor/display_folded = true

[node name="GreenBrick" type="StaticBody2D" parent="RedBricks/GreenBricks"]
editor/display_folded = true
position = Vector2( 99.8123, 39.9816 )
__meta__ = {
"_edit_group_": true
}

[node name="Sprite" type="Sprite" parent="RedBricks/GreenBricks/GreenBrick"]
scale = Vector2( 0.112, 0.109 )
texture = ExtResource( 7 )

[node name="CollisionShape2D" type="CollisionShape2D" parent="RedBricks/GreenBricks/GreenBrick"]
position = Vector2( -1.52588e-05, 1.052 )
shape = SubResource( 3 )
__meta__ = {
"_edit_group_": true
}

[node name="GreenBrick2" type="StaticBody2D" parent="RedBricks/GreenBricks"]
position = Vector2( 282.094, 280.993 )
__meta__ = {
"_edit_group_": true
}

[node name="Sprite" type="Sprite" parent="RedBricks/GreenBricks/GreenBrick2"]
scale = Vector2( 0.112, 0.109 )
texture = ExtResource( 7 )

[node name="CollisionShape2D" type="CollisionShape2D" parent="RedBricks/GreenBricks/GreenBrick2"]
position = Vector2( -1.52588e-05, 1.052 )
shape = SubResource( 3 )
__meta__ = {
"_edit_group_": true
}

[node name="GreenBrick3" type="StaticBody2D" parent="RedBricks/GreenBricks"]
position = Vector2( 191.028, 280.483 )
__meta__ = {
"_edit_group_": true
}

[node name="Sprite" type="Sprite" parent="RedBricks/GreenBricks/GreenBrick3"]
scale = Vector2( 0.112, 0.109 )
texture = ExtResource( 7 )

[node name="CollisionShape2D" type="CollisionShape2D" parent="RedBricks/GreenBricks/GreenBrick3"]
position = Vector2( -1.52588e-05, 1.052 )
shape = SubResource( 3 )
__meta__ = {
"_edit_group_": true
}

[node name="GreenBrick4" type="StaticBody2D" parent="RedBricks/GreenBricks"]
position = Vector2( 281.145, 118.799 )
__meta__ = {
"_edit_group_": true
}

[node name="Sprite" type="Sprite" parent="RedBricks/GreenBricks/GreenBrick4"]
scale = Vector2( 0.112, 0.109 )
texture = ExtResource( 7 )

[node name="CollisionShape2D" type="CollisionShape2D" parent="RedBricks/GreenBricks/GreenBrick4"]
position = Vector2( -1.52588e-05, 1.052 )
shape = SubResource( 3 )
__meta__ = {
"_edit_group_": true
}

[node name="GreenBrick5" type="StaticBody2D" parent="RedBricks/GreenBricks"]
position = Vector2( 190.593, 118.62 )
__meta__ = {
"_edit_group_": true
}

[node name="Sprite" type="Sprite" parent="RedBricks/GreenBricks/GreenBrick5"]
scale = Vector2( 0.112, 0.109 )
texture = ExtResource( 7 )

[node name="CollisionShape2D" type="CollisionShape2D" parent="RedBricks/GreenBricks/GreenBrick5"]
position = Vector2( -1.52588e-05, 1.052 )
shape = SubResource( 3 )
__meta__ = {
"_edit_group_": true
}

[node name="GreenBrick6" type="StaticBody2D" parent="RedBricks/GreenBricks"]
position = Vector2( 370.785, 37.9932 )
__meta__ = {
"_edit_group_": true
}

[node name="Sprite" type="Sprite" parent="RedBricks/GreenBricks/GreenBrick6"]
scale = Vector2( 0.112, 0.109 )
texture = ExtResource( 7 )

[node name="CollisionShape2D" type="CollisionShape2D" parent="RedBricks/GreenBricks/GreenBrick6"]
position = Vector2( -1.52588e-05, 1.052 )
shape = SubResource( 3 )
__meta__ = {
"_edit_group_": true
}
