[gd_scene load_steps=13 format=2]

[ext_resource path="res://Textures/Captura de pantalla 2019-09-13 a la(s) 10.55.05 AM.png" type="Texture" id=1]
[ext_resource path="res://Textures/0-1.png" type="Texture" id=2]
[ext_resource path="res://Textures/0-2.png" type="Texture" id=3]
[ext_resource path="res://Textures/0.png" type="Texture" id=4]
[ext_resource path="res://Ball.tscn" type="PackedScene" id=5]
[ext_resource path="res://Ball.gd" type="Script" id=6]
[ext_resource path="res://Paddle.tscn" type="PackedScene" id=7]
[ext_resource path="res://Paddle5-8.gd" type="Script" id=8]

[sub_resource type="RectangleShape2D" id=1]
extents = Vector2( 40.1255, 16.3638 )

[sub_resource type="RectangleShape2D" id=2]
extents = Vector2( 42.3361, 18.9489 )

[sub_resource type="RectangleShape2D" id=3]
extents = Vector2( 44.4122, 19.9384 )

[sub_resource type="RectangleShape2D" id=4]
extents = Vector2( 41.0876, 16.8214 )

[node name="level5" type="Node2D"]

[node name="Walls" type="StaticBody2D" parent="."]
editor/display_folded = true
position = Vector2( 156.73, -45.6296 )

[node name="CollisionPolygon2D" type="CollisionPolygon2D" parent="Walls"]
polygon = PoolVector2Array( -156.73, 825.63, -166.73, 825.63, -166.73, 35.6296, 333.27, 35.6296, 333.27, 825.63, 323.27, 825.63, 323.27, 45.6296, -156.73, 45.6296 )

[node name="RedBricks" type="Node2D" parent="."]
editor/display_folded = true

[node name="RedBrick" type="StaticBody2D" parent="RedBricks"]
position = Vector2( 235.454, 360 )
__meta__ = {
"_edit_group_": true
}

[node name="Sprite" type="Sprite" parent="RedBricks/RedBrick"]
scale = Vector2( 0.074, 0.068 )
texture = ExtResource( 1 )

[node name="CollisionShape2D" type="CollisionShape2D" parent="RedBricks/RedBrick"]
position = Vector2( 0.228939, 0 )
shape = SubResource( 1 )

[node name="RedBrick2" type="StaticBody2D" parent="RedBricks"]
position = Vector2( 150, 360 )
__meta__ = {
"_edit_group_": true
}

[node name="Sprite" type="Sprite" parent="RedBricks/RedBrick2"]
scale = Vector2( 0.074, 0.068 )
texture = ExtResource( 1 )

[node name="CollisionShape2D" type="CollisionShape2D" parent="RedBricks/RedBrick2"]
position = Vector2( 0.228939, 0 )
shape = SubResource( 1 )

[node name="RedBrick3" type="StaticBody2D" parent="RedBricks"]
editor/display_folded = true
position = Vector2( 320.458, 280 )
__meta__ = {
"_edit_group_": true
}

[node name="Sprite" type="Sprite" parent="RedBricks/RedBrick3"]
scale = Vector2( 0.074, 0.068 )
texture = ExtResource( 1 )

[node name="CollisionShape2D" type="CollisionShape2D" parent="RedBricks/RedBrick3"]
position = Vector2( 0.228939, 0 )
shape = SubResource( 1 )

[node name="RedBrick4" type="StaticBody2D" parent="RedBricks"]
editor/display_folded = true
position = Vector2( 410.458, 280 )
__meta__ = {
"_edit_group_": true
}

[node name="Sprite" type="Sprite" parent="RedBricks/RedBrick4"]
scale = Vector2( 0.074, 0.068 )
texture = ExtResource( 1 )

[node name="CollisionShape2D" type="CollisionShape2D" parent="RedBricks/RedBrick4"]
position = Vector2( 0.228939, 0 )
shape = SubResource( 1 )

[node name="RedBrick5" type="StaticBody2D" parent="RedBricks"]
editor/display_folded = true
position = Vector2( 150, 280 )
__meta__ = {
"_edit_group_": true
}

[node name="Sprite" type="Sprite" parent="RedBricks/RedBrick5"]
scale = Vector2( 0.074, 0.068 )
texture = ExtResource( 1 )

[node name="CollisionShape2D" type="CollisionShape2D" parent="RedBricks/RedBrick5"]
position = Vector2( 0.228939, 0 )
shape = SubResource( 1 )

[node name="RedBrick6" type="StaticBody2D" parent="RedBricks"]
editor/display_folded = true
position = Vector2( 60.6868, 280 )
__meta__ = {
"_edit_group_": true
}

[node name="Sprite" type="Sprite" parent="RedBricks/RedBrick6"]
scale = Vector2( 0.074, 0.068 )
texture = ExtResource( 1 )

[node name="CollisionShape2D" type="CollisionShape2D" parent="RedBricks/RedBrick6"]
position = Vector2( 0.228939, 0 )
shape = SubResource( 1 )

[node name="RedBrick7" type="StaticBody2D" parent="RedBricks"]
editor/display_folded = true
position = Vector2( 410.229, 240 )
__meta__ = {
"_edit_group_": true
}

[node name="Sprite" type="Sprite" parent="RedBricks/RedBrick7"]
scale = Vector2( 0.074, 0.068 )
texture = ExtResource( 1 )

[node name="CollisionShape2D" type="CollisionShape2D" parent="RedBricks/RedBrick7"]
position = Vector2( 0.228939, 0 )
shape = SubResource( 1 )

[node name="RedBrick8" type="StaticBody2D" parent="RedBricks"]
editor/display_folded = true
position = Vector2( 410, 200 )
__meta__ = {
"_edit_group_": true
}

[node name="Sprite" type="Sprite" parent="RedBricks/RedBrick8"]
scale = Vector2( 0.074, 0.068 )
texture = ExtResource( 1 )

[node name="CollisionShape2D" type="CollisionShape2D" parent="RedBricks/RedBrick8"]
position = Vector2( 0.228939, 0 )
shape = SubResource( 1 )

[node name="RedBrick9" type="StaticBody2D" parent="RedBricks"]
editor/display_folded = true
position = Vector2( 60.4579, 240 )
__meta__ = {
"_edit_group_": true
}

[node name="Sprite" type="Sprite" parent="RedBricks/RedBrick9"]
scale = Vector2( 0.074, 0.068 )
texture = ExtResource( 1 )

[node name="CollisionShape2D" type="CollisionShape2D" parent="RedBricks/RedBrick9"]
position = Vector2( 0.228939, 0 )
shape = SubResource( 1 )

[node name="RedBrick10" type="StaticBody2D" parent="RedBricks"]
editor/display_folded = true
position = Vector2( 60.2289, 200 )
__meta__ = {
"_edit_group_": true
}

[node name="Sprite" type="Sprite" parent="RedBricks/RedBrick10"]
scale = Vector2( 0.074, 0.068 )
texture = ExtResource( 1 )

[node name="CollisionShape2D" type="CollisionShape2D" parent="RedBricks/RedBrick10"]
position = Vector2( 0.228939, 0 )
shape = SubResource( 1 )

[node name="RedBrick11" type="StaticBody2D" parent="RedBricks"]
editor/display_folded = true
position = Vector2( 410, 160 )
__meta__ = {
"_edit_group_": true
}

[node name="Sprite" type="Sprite" parent="RedBricks/RedBrick11"]
scale = Vector2( 0.074, 0.068 )
texture = ExtResource( 1 )

[node name="CollisionShape2D" type="CollisionShape2D" parent="RedBricks/RedBrick11"]
position = Vector2( 0.228939, 0 )
shape = SubResource( 1 )

[node name="RedBrick12" type="StaticBody2D" parent="RedBricks"]
editor/display_folded = true
position = Vector2( 320.229, 160 )
__meta__ = {
"_edit_group_": true
}

[node name="Sprite" type="Sprite" parent="RedBricks/RedBrick12"]
scale = Vector2( 0.074, 0.068 )
texture = ExtResource( 1 )

[node name="CollisionShape2D" type="CollisionShape2D" parent="RedBricks/RedBrick12"]
position = Vector2( 0.228939, 0 )
shape = SubResource( 1 )

[node name="RedBrick13" type="StaticBody2D" parent="RedBricks"]
editor/display_folded = true
position = Vector2( 60, 160 )
__meta__ = {
"_edit_group_": true
}

[node name="Sprite" type="Sprite" parent="RedBricks/RedBrick13"]
scale = Vector2( 0.074, 0.068 )
texture = ExtResource( 1 )

[node name="CollisionShape2D" type="CollisionShape2D" parent="RedBricks/RedBrick13"]
position = Vector2( 0.228939, 0 )
shape = SubResource( 1 )

[node name="RedBrick14" type="StaticBody2D" parent="RedBricks"]
editor/display_folded = true
position = Vector2( 150, 160 )
__meta__ = {
"_edit_group_": true
}

[node name="Sprite" type="Sprite" parent="RedBricks/RedBrick14"]
scale = Vector2( 0.074, 0.068 )
texture = ExtResource( 1 )

[node name="CollisionShape2D" type="CollisionShape2D" parent="RedBricks/RedBrick14"]
position = Vector2( 0.228939, 0 )
shape = SubResource( 1 )

[node name="RedBrick15" type="StaticBody2D" parent="RedBricks"]
editor/display_folded = true
position = Vector2( 320, 100 )
__meta__ = {
"_edit_group_": true
}

[node name="Sprite" type="Sprite" parent="RedBricks/RedBrick15"]
scale = Vector2( 0.074, 0.068 )
texture = ExtResource( 1 )

[node name="CollisionShape2D" type="CollisionShape2D" parent="RedBricks/RedBrick15"]
position = Vector2( 0.228939, 0 )
shape = SubResource( 1 )

[node name="RedBrick16" type="StaticBody2D" parent="RedBricks"]
editor/display_folded = true
position = Vector2( 235.454, 100 )
__meta__ = {
"_edit_group_": true
}

[node name="Sprite" type="Sprite" parent="RedBricks/RedBrick16"]
scale = Vector2( 0.074, 0.068 )
texture = ExtResource( 1 )

[node name="CollisionShape2D" type="CollisionShape2D" parent="RedBricks/RedBrick16"]
position = Vector2( 0.228939, 0 )
shape = SubResource( 1 )

[node name="RedBrick17" type="StaticBody2D" parent="RedBricks"]
editor/display_folded = true
position = Vector2( 150, 100 )
__meta__ = {
"_edit_group_": true
}

[node name="Sprite" type="Sprite" parent="RedBricks/RedBrick17"]
scale = Vector2( 0.074, 0.068 )
texture = ExtResource( 1 )

[node name="CollisionShape2D" type="CollisionShape2D" parent="RedBricks/RedBrick17"]
position = Vector2( 0.228939, 0 )
shape = SubResource( 1 )

[node name="BlueBricks" type="Node2D" parent="RedBricks"]

[node name="BlueBrick" type="StaticBody2D" parent="RedBricks/BlueBricks"]
editor/display_folded = true
position = Vector2( 149.542, 361.019 )
__meta__ = {
"_edit_group_": true
}

[node name="Sprite" type="Sprite" parent="RedBricks/BlueBricks/BlueBrick"]
scale = Vector2( 0.11, 0.11 )
texture = ExtResource( 2 )

[node name="CollisionShape2D" type="CollisionShape2D" parent="RedBricks/BlueBricks/BlueBrick"]
position = Vector2( 0.373245, -0.559868 )
shape = SubResource( 2 )

[node name="BlueBrick2" type="StaticBody2D" parent="RedBricks/BlueBricks"]
editor/display_folded = true
position = Vector2( 235.492, 361.224 )
__meta__ = {
"_edit_group_": true
}

[node name="Sprite" type="Sprite" parent="RedBricks/BlueBricks/BlueBrick2"]
scale = Vector2( 0.11, 0.11 )
texture = ExtResource( 2 )

[node name="CollisionShape2D" type="CollisionShape2D" parent="RedBricks/BlueBricks/BlueBrick2"]
position = Vector2( 0.373245, -0.559868 )
shape = SubResource( 2 )

[node name="BlueBrick3" type="StaticBody2D" parent="RedBricks/BlueBricks"]
editor/display_folded = true
position = Vector2( 321.123, 281.217 )
__meta__ = {
"_edit_group_": true
}

[node name="Sprite" type="Sprite" parent="RedBricks/BlueBricks/BlueBrick3"]
scale = Vector2( 0.11, 0.11 )
texture = ExtResource( 2 )

[node name="CollisionShape2D" type="CollisionShape2D" parent="RedBricks/BlueBricks/BlueBrick3"]
position = Vector2( 0.373245, -0.559868 )
shape = SubResource( 2 )

[node name="BlueBrick4" type="StaticBody2D" parent="RedBricks/BlueBricks"]
editor/display_folded = true
position = Vector2( 409.892, 281.541 )
__meta__ = {
"_edit_group_": true
}

[node name="Sprite" type="Sprite" parent="RedBricks/BlueBricks/BlueBrick4"]
scale = Vector2( 0.11, 0.11 )
texture = ExtResource( 2 )

[node name="CollisionShape2D" type="CollisionShape2D" parent="RedBricks/BlueBricks/BlueBrick4"]
position = Vector2( 0.373245, -0.559868 )
shape = SubResource( 2 )

[node name="BlueBrick5" type="StaticBody2D" parent="RedBricks/BlueBricks"]
editor/display_folded = true
position = Vector2( 409.963, 241.311 )
__meta__ = {
"_edit_group_": true
}

[node name="Sprite" type="Sprite" parent="RedBricks/BlueBricks/BlueBrick5"]
scale = Vector2( 0.11, 0.11 )
texture = ExtResource( 2 )

[node name="CollisionShape2D" type="CollisionShape2D" parent="RedBricks/BlueBricks/BlueBrick5"]
position = Vector2( 0.373245, -0.559868 )
shape = SubResource( 2 )

[node name="BlueBrick6" type="StaticBody2D" parent="RedBricks/BlueBricks"]
editor/display_folded = true
position = Vector2( 409.892, 201.148 )
__meta__ = {
"_edit_group_": true
}

[node name="Sprite" type="Sprite" parent="RedBricks/BlueBricks/BlueBrick6"]
scale = Vector2( 0.11, 0.11 )
texture = ExtResource( 2 )

[node name="CollisionShape2D" type="CollisionShape2D" parent="RedBricks/BlueBricks/BlueBrick6"]
position = Vector2( 0.373245, -0.559868 )
shape = SubResource( 2 )

[node name="BlueBrick7" type="StaticBody2D" parent="RedBricks/BlueBricks"]
editor/display_folded = true
position = Vector2( 409.963, 160.919 )
__meta__ = {
"_edit_group_": true
}

[node name="Sprite" type="Sprite" parent="RedBricks/BlueBricks/BlueBrick7"]
scale = Vector2( 0.11, 0.11 )
texture = ExtResource( 2 )

[node name="CollisionShape2D" type="CollisionShape2D" parent="RedBricks/BlueBricks/BlueBrick7"]
position = Vector2( 0.373245, -0.559868 )
shape = SubResource( 2 )

[node name="BlueBrick8" type="StaticBody2D" parent="RedBricks/BlueBricks"]
editor/display_folded = true
position = Vector2( 320.075, 160.852 )
__meta__ = {
"_edit_group_": true
}

[node name="Sprite" type="Sprite" parent="RedBricks/BlueBricks/BlueBrick8"]
scale = Vector2( 0.11, 0.11 )
texture = ExtResource( 2 )

[node name="CollisionShape2D" type="CollisionShape2D" parent="RedBricks/BlueBricks/BlueBrick8"]
position = Vector2( 0.373245, -0.559868 )
shape = SubResource( 2 )

[node name="BlueBrick9" type="StaticBody2D" parent="RedBricks/BlueBricks"]
editor/display_folded = true
position = Vector2( 149.075, 279.449 )
__meta__ = {
"_edit_group_": true
}

[node name="Sprite" type="Sprite" parent="RedBricks/BlueBricks/BlueBrick9"]
scale = Vector2( 0.11, 0.11 )
texture = ExtResource( 2 )

[node name="CollisionShape2D" type="CollisionShape2D" parent="RedBricks/BlueBricks/BlueBrick9"]
position = Vector2( 0.373245, -0.559868 )
shape = SubResource( 2 )

[node name="BlueBrick10" type="StaticBody2D" parent="RedBricks/BlueBricks"]
editor/display_folded = true
position = Vector2( 61.2732, 279.245 )
__meta__ = {
"_edit_group_": true
}

[node name="Sprite" type="Sprite" parent="RedBricks/BlueBricks/BlueBrick10"]
scale = Vector2( 0.11, 0.11 )
texture = ExtResource( 2 )

[node name="CollisionShape2D" type="CollisionShape2D" parent="RedBricks/BlueBricks/BlueBrick10"]
position = Vector2( 0.373245, -0.559868 )
shape = SubResource( 2 )

[node name="BlueBrick11" type="StaticBody2D" parent="RedBricks/BlueBricks"]
editor/display_folded = true
position = Vector2( 60.8066, 240.125 )
__meta__ = {
"_edit_group_": true
}

[node name="Sprite" type="Sprite" parent="RedBricks/BlueBricks/BlueBrick11"]
scale = Vector2( 0.11, 0.11 )
texture = ExtResource( 2 )

[node name="CollisionShape2D" type="CollisionShape2D" parent="RedBricks/BlueBricks/BlueBrick11"]
position = Vector2( 0.373245, -0.559868 )
shape = SubResource( 2 )

[node name="BlueBrick12" type="StaticBody2D" parent="RedBricks/BlueBricks"]
editor/display_folded = true
position = Vector2( 60.9492, 200.543 )
__meta__ = {
"_edit_group_": true
}

[node name="Sprite" type="Sprite" parent="RedBricks/BlueBricks/BlueBrick12"]
scale = Vector2( 0.11, 0.11 )
texture = ExtResource( 2 )

[node name="CollisionShape2D" type="CollisionShape2D" parent="RedBricks/BlueBricks/BlueBrick12"]
position = Vector2( 0.373245, -0.559868 )
shape = SubResource( 2 )

[node name="BlueBrick13" type="StaticBody2D" parent="RedBricks/BlueBricks"]
editor/display_folded = true
position = Vector2( 61.0716, 161.272 )
__meta__ = {
"_edit_group_": true
}

[node name="Sprite" type="Sprite" parent="RedBricks/BlueBricks/BlueBrick13"]
scale = Vector2( 0.11, 0.11 )
texture = ExtResource( 2 )

[node name="CollisionShape2D" type="CollisionShape2D" parent="RedBricks/BlueBricks/BlueBrick13"]
position = Vector2( 0.373245, -0.559868 )
shape = SubResource( 2 )

[node name="BlueBrick14" type="StaticBody2D" parent="RedBricks/BlueBricks"]
editor/display_folded = true
position = Vector2( 148.954, 161.273 )
__meta__ = {
"_edit_group_": true
}

[node name="Sprite" type="Sprite" parent="RedBricks/BlueBricks/BlueBrick14"]
scale = Vector2( 0.11, 0.11 )
texture = ExtResource( 2 )

[node name="CollisionShape2D" type="CollisionShape2D" parent="RedBricks/BlueBricks/BlueBrick14"]
position = Vector2( 0.373245, -0.559868 )
shape = SubResource( 2 )

[node name="BlueBrick15" type="StaticBody2D" parent="RedBricks/BlueBricks"]
editor/display_folded = true
position = Vector2( 321.739, 99.7233 )
__meta__ = {
"_edit_group_": true
}

[node name="Sprite" type="Sprite" parent="RedBricks/BlueBricks/BlueBrick15"]
scale = Vector2( 0.11, 0.11 )
texture = ExtResource( 2 )

[node name="CollisionShape2D" type="CollisionShape2D" parent="RedBricks/BlueBricks/BlueBrick15"]
position = Vector2( 0.373245, -0.559868 )
shape = SubResource( 2 )

[node name="BlueBrick16" type="StaticBody2D" parent="RedBricks/BlueBricks"]
editor/display_folded = true
position = Vector2( 235.662, 99.7233 )
__meta__ = {
"_edit_group_": true
}

[node name="Sprite" type="Sprite" parent="RedBricks/BlueBricks/BlueBrick16"]
scale = Vector2( 0.11, 0.11 )
texture = ExtResource( 2 )

[node name="CollisionShape2D" type="CollisionShape2D" parent="RedBricks/BlueBricks/BlueBrick16"]
position = Vector2( 0.373245, -0.559868 )
shape = SubResource( 2 )

[node name="BlueBrick17" type="StaticBody2D" parent="RedBricks/BlueBricks"]
position = Vector2( 149.69, 100.038 )
__meta__ = {
"_edit_group_": true
}

[node name="Sprite" type="Sprite" parent="RedBricks/BlueBricks/BlueBrick17"]
scale = Vector2( 0.11, 0.11 )
texture = ExtResource( 2 )

[node name="CollisionShape2D" type="CollisionShape2D" parent="RedBricks/BlueBricks/BlueBrick17"]
position = Vector2( 0.373245, -0.559868 )
shape = SubResource( 2 )

[node name="GreenBricks" type="Node2D" parent="RedBricks"]

[node name="GreenBrick2" type="StaticBody2D" parent="RedBricks/GreenBricks"]
editor/display_folded = true
position = Vector2( 148.908, 359.765 )
__meta__ = {
"_edit_group_": true
}

[node name="Sprite" type="Sprite" parent="RedBricks/GreenBricks/GreenBrick2"]
scale = Vector2( 0.112, 0.109 )
texture = ExtResource( 3 )

[node name="CollisionShape2D" type="CollisionShape2D" parent="RedBricks/GreenBricks/GreenBrick2"]
position = Vector2( 0, 0.993149 )
shape = SubResource( 3 )

[node name="GreenBrick4" type="StaticBody2D" parent="RedBricks/GreenBricks"]
editor/display_folded = true
position = Vector2( 410.716, 280.118 )
__meta__ = {
"_edit_group_": true
}

[node name="Sprite" type="Sprite" parent="RedBricks/GreenBricks/GreenBrick4"]
scale = Vector2( 0.112, 0.109 )
texture = ExtResource( 3 )

[node name="CollisionShape2D" type="CollisionShape2D" parent="RedBricks/GreenBricks/GreenBrick4"]
position = Vector2( 0, 0.993149 )
shape = SubResource( 3 )

[node name="GreenBrick5" type="StaticBody2D" parent="RedBricks/GreenBricks"]
editor/display_folded = true
position = Vector2( 410.571, 238.961 )
__meta__ = {
"_edit_group_": true
}

[node name="Sprite" type="Sprite" parent="RedBricks/GreenBricks/GreenBrick5"]
scale = Vector2( 0.112, 0.109 )
texture = ExtResource( 3 )

[node name="CollisionShape2D" type="CollisionShape2D" parent="RedBricks/GreenBricks/GreenBrick5"]
position = Vector2( 0, 0.993149 )
shape = SubResource( 3 )

[node name="GreenBrick7" type="StaticBody2D" parent="RedBricks/GreenBricks"]
editor/display_folded = true
position = Vector2( 410.47, 159.148 )
__meta__ = {
"_edit_group_": true
}

[node name="Sprite" type="Sprite" parent="RedBricks/GreenBricks/GreenBrick7"]
scale = Vector2( 0.112, 0.109 )
texture = ExtResource( 3 )

[node name="CollisionShape2D" type="CollisionShape2D" parent="RedBricks/GreenBricks/GreenBrick7"]
position = Vector2( 0, 0.993149 )
shape = SubResource( 3 )

[node name="GreenBrick9" type="StaticBody2D" parent="RedBricks/GreenBricks"]
editor/display_folded = true
position = Vector2( 61.0827, 277.592 )
__meta__ = {
"_edit_group_": true
}

[node name="Sprite" type="Sprite" parent="RedBricks/GreenBricks/GreenBrick9"]
scale = Vector2( 0.112, 0.109 )
texture = ExtResource( 3 )

[node name="CollisionShape2D" type="CollisionShape2D" parent="RedBricks/GreenBricks/GreenBrick9"]
position = Vector2( 0, 0.993149 )
shape = SubResource( 3 )

[node name="GreenBrick10" type="StaticBody2D" parent="RedBricks/GreenBricks"]
editor/display_folded = true
position = Vector2( 61.1838, 238.795 )
__meta__ = {
"_edit_group_": true
}

[node name="Sprite" type="Sprite" parent="RedBricks/GreenBricks/GreenBrick10"]
scale = Vector2( 0.112, 0.109 )
texture = ExtResource( 3 )

[node name="CollisionShape2D" type="CollisionShape2D" parent="RedBricks/GreenBricks/GreenBrick10"]
position = Vector2( 0, 0.993149 )
shape = SubResource( 3 )

[node name="GreenBrick12" type="StaticBody2D" parent="RedBricks/GreenBricks"]
editor/display_folded = true
position = Vector2( 60.7793, 159.232 )
__meta__ = {
"_edit_group_": true
}

[node name="Sprite" type="Sprite" parent="RedBricks/GreenBricks/GreenBrick12"]
scale = Vector2( 0.112, 0.109 )
texture = ExtResource( 3 )

[node name="CollisionShape2D" type="CollisionShape2D" parent="RedBricks/GreenBricks/GreenBrick12"]
position = Vector2( 0, 0.993149 )
shape = SubResource( 3 )

[node name="GreenBrick15" type="StaticBody2D" parent="RedBricks/GreenBricks"]
position = Vector2( 322.23, 97.5181 )
__meta__ = {
"_edit_group_": true
}

[node name="Sprite" type="Sprite" parent="RedBricks/GreenBricks/GreenBrick15"]
scale = Vector2( 0.112, 0.109 )
texture = ExtResource( 3 )

[node name="CollisionShape2D" type="CollisionShape2D" parent="RedBricks/GreenBricks/GreenBrick15"]
position = Vector2( 0, 0.993149 )
shape = SubResource( 3 )

[node name="GreenBrick17" type="StaticBody2D" parent="RedBricks/GreenBricks"]
editor/display_folded = true
position = Vector2( 149.615, 98.0058 )
__meta__ = {
"_edit_group_": true
}

[node name="Sprite" type="Sprite" parent="RedBricks/GreenBricks/GreenBrick17"]
scale = Vector2( 0.112, 0.109 )
texture = ExtResource( 3 )

[node name="CollisionShape2D" type="CollisionShape2D" parent="RedBricks/GreenBricks/GreenBrick17"]
position = Vector2( 0, 0.993149 )
shape = SubResource( 3 )

[node name="IronBrick" type="StaticBody2D" parent="."]
editor/display_folded = true
position = Vector2( 0.943207, -0.369687 )
__meta__ = {
"_edit_group_": true
}

[node name="Sprite" type="Sprite" parent="IronBrick"]
position = Vector2( 320.687, 360 )
scale = Vector2( 0.10647, 0.0972222 )
texture = ExtResource( 4 )

[node name="CollisionShape2D" type="CollisionShape2D" parent="IronBrick"]
position = Vector2( 320.528, 360.485 )
shape = SubResource( 4 )

[node name="Ball" parent="." instance=ExtResource( 5 )]
script = ExtResource( 6 )

[node name="Paddle" parent="." instance=ExtResource( 7 )]
script = ExtResource( 8 )
